<record><leader>00000cas a22000007a 4500</leader><controlfield tag="001">8814333</controlfield><controlfield tag="008">820928d184u1864kyuir ne      0   a0eng  </controlfield><datafield ind1=" " ind2=" " tag="010"><subfield code="a">sn 82015455 </subfield></datafield><datafield ind1=" " ind2=" " tag="040"><subfield code="a">DLC</subfield><subfield code="b">eng</subfield><subfield code="c">DLC</subfield><subfield code="d">NPX</subfield><subfield code="d">NPU</subfield><subfield code="d">KNP</subfield><subfield code="d">DLC</subfield><subfield code="d">KNP</subfield><subfield code="d">NVF</subfield><subfield code="d">OCL</subfield><subfield code="d">OCLCQ</subfield><subfield code="d">OCLCF</subfield><subfield code="d">OCLCO</subfield></datafield><datafield ind1=" " ind2=" " tag="042"><subfield code="a">msc</subfield></datafield><datafield ind1=" " ind2=" " tag="043"><subfield code="a">n-us-ky</subfield></datafield><datafield ind1="0" ind2="0" tag="050"><subfield code="a">Newspaper 7890</subfield></datafield><datafield ind1="0" ind2="0" tag="245"><subfield code="a">Tri-weekly commonwealth.</subfield></datafield><datafield ind1=" " ind2=" " tag="260"><subfield code="a">Frankfort, Ky. :</subfield><subfield code="b">A.G. Hodges &amp; Co.,</subfield><subfield code="c">-1864.</subfield></datafield><datafield ind1=" " ind2=" " tag="300"><subfield code="a">v. :</subfield><subfield code="b">ill. (chiefly advertisements) ;</subfield><subfield code="c">55 cm.</subfield></datafield><datafield ind1=" " ind2=" " tag="310"><subfield code="a">Triweekly</subfield></datafield><datafield ind1="0" ind2=" " tag="362"><subfield code="a">-v. 13, no. 404 (Nov. 14, 1864).</subfield></datafield><datafield ind1=" " ind2=" " tag="500"><subfield code="a">Publisher: Albert G. Hodges, 1856-1864.</subfield></datafield><datafield ind1=" " ind2=" " tag="500"><subfield code="a">"Whig."</subfield></datafield><datafield ind1=" " ind2=" " tag="500"><subfield code="a">Editors: William L. Callender, &lt;1851&gt;-1856; Thomas M. Green, 1856-1860; J.H. Johnson, 1860-1863; Henri F. Middleton, 1863-1864; Henry E. Thomas, 1864.</subfield></datafield><datafield ind1=" " ind2=" " tag="515"><subfield code="a">Not published during sessions of the legislature.</subfield></datafield><datafield ind1=" " ind2=" " tag="515"><subfield code="a">Volume numbering is irregular.</subfield></datafield><datafield ind1=" " ind2=" " tag="580"><subfield code="a">Legislative ed.: Daily commonwealth (Frankfort, Ky.), &lt;1847&gt;-1864.</subfield></datafield><datafield ind1=" " ind2=" " tag="580"><subfield code="a">Weekly ed.: Frankfort commonwealth, &lt;1847&gt;-1864.</subfield></datafield><datafield ind1=" " ind2=" " tag="588"><subfield code="a">Description based on: Vol. 1, no. 2 (Oct. 9, 1847).</subfield></datafield><datafield ind1=" " ind2="0" tag="651"><subfield code="a">Frankfort (Ky.)</subfield><subfield code="v">Newspapers.</subfield></datafield><datafield ind1=" " ind2="0" tag="651"><subfield code="a">Franklin County (Ky.)</subfield><subfield code="v">Newspapers.</subfield></datafield><datafield ind1=" " ind2="7" tag="655"><subfield code="a">Newspapers.</subfield><subfield code="2">fast</subfield><subfield code="0">(OCoLC)fst01423814</subfield></datafield><datafield ind1=" " ind2="7" tag="651"><subfield code="a">Kentucky</subfield><subfield code="z">Frankfort.</subfield><subfield code="2">fast</subfield><subfield code="0">(OCoLC)fst01209804</subfield></datafield><datafield ind1=" " ind2="7" tag="651"><subfield code="a">Kentucky</subfield><subfield code="z">Franklin County.</subfield><subfield code="2">fast</subfield><subfield code="0">(OCoLC)fst01218114</subfield></datafield><datafield ind1=" " ind2=" " tag="752"><subfield code="a">United States</subfield><subfield code="b">Kentucky</subfield><subfield code="c">Franklin</subfield><subfield code="d">Frankfort.</subfield></datafield><datafield ind1="1" ind2=" " tag="775"><subfield code="t">Daily commonwealth (Frankfort, Ky.)</subfield><subfield code="w">(DLC)sn 82015460</subfield></datafield><datafield ind1="1" ind2=" " tag="775"><subfield code="t">Frankfort commonwealth</subfield><subfield code="w">(DLC)sn 82015463</subfield></datafield></record>